<?xml version="1.0" encoding="UTF-8"?><collection xmlns="http://www.loc.gov/MARC21/slim"><record><leader>00342nam--2200121-i-4500</leader><controlfield tag="001">000030966</controlfield><controlfield tag="002">20161230</controlfield><controlfield tag="005">20161230201038</controlfield><controlfield tag="008">060222s1000------------r-----000-0-eng-d</controlfield><datafield ind1=" " ind2=" " tag="100"><subfield code="a">Markus, John</subfield></datafield><datafield ind1=" " ind2=" " tag="245"><subfield code="a">Zeluff, vin</subfield></datafield><datafield ind1=" " ind2=" " tag="260"><subfield code="a">Handbook Of Industrial Electronics Control Circuits</subfield></datafield><datafield ind1=" " ind2=" " tag="490"><subfield code="a">New York Mcgraw-hill Book Co., Inc., 1956. Xiv+352p</subfield></datafield></record></collection>